@misc {FrozenLake,
   url = {https://gymnasium.farama.org/environments/toy_text/frozen_lake/},
   title = {Gymnasium - Frozen Lake},
   year = {2024},
   author = {The Farma Foundation},
}

@misc {InstallTutorial,
   url = {https://www.youtube.com/watch?v=ZhoIgo3qqLU&ab_channel=JohnnyCode},
   title = {Install Gymnasium - Tutorial w/ fix},
   year = {2023},
   author = {\@johnnycode - YoutTube},
}

@misc {FrozenLakeTutorial,
   url = {https://www.youtube.com/watch?v=ZhoIgo3qqLU&ab_channel=JohnnyCode},
   title = {Frozen Lake Tutorial},
   year = {2023},
   author = {\@johnnycode - YoutTube},
}